[
  {
    "title": "雷霆特攻隊",
    "releaseDate": "2025-04-30",
    "rank": 1,
    "totalSales": 215702,
    "posterUrl": "https://image.tmdb.org/t/p/w500/vU3Ir6FXUvHvm3ASYN7Wl0qhgLn.jpg"
  },
  {
    "title": "會計師 2",
    "releaseDate": "2025-04-23",
    "rank": 2,
    "totalSales": 151058,
    "posterUrl": "https://image.tmdb.org/t/p/w500/qY8gDFoRncaKh0B7e9wjT5wdrAv.jpg"
  },
  {
    "title": "聖夜：惡魔都市",
    "releaseDate": "2025-04-30",
    "rank": 3,
    "totalSales": 44516,
    "posterUrl": "https://image.tmdb.org/t/p/w500/mZ9AEdlSrRd7apiUMMmzPSvEJTj.jpg"
  },
  {
    "title": "花束般的戀愛",
    "releaseDate": "2021-01-29",
    "rank": 4,
    "totalSales": 32186,
    "posterUrl": "https://image.tmdb.org/t/p/w500/3Z8ezMWxB7lH8MfRCV0X0RHQLWz.jpg"
  },
  {
    "title": "罪人",
    "releaseDate": "2025-04-16",
    "rank": 5,
    "totalSales": 74022,
    "posterUrl": "https://image.tmdb.org/t/p/w500/9hRm4WVM3D5HzjMBTKSsPBOd50c.jpg"
  },
  {
    "title": "夏日最後的祕密",
    "releaseDate": "2025-04-30",
    "rank": 6,
    "totalSales": 21055,
    "posterUrl": "https://image.tmdb.org/t/p/w500/kMFzAI0CGtkgTso0KE1CeJVEPDQ.jpg"
  },
  {
    "title": "有病才會喜歡你",
    "releaseDate": "2025-04-02",
    "rank": 7,
    "totalSales": 204197,
    "posterUrl": "https://image.tmdb.org/t/p/w500/dSAagxNVZmvA7eohvky20CFv5iC.jpg"
  },
  {
    "title": "取精急轉彎",
    "releaseDate": "2025-02-21",
    "rank": 8,
    "totalSales": 43990,
    "posterUrl": "https://image.tmdb.org/t/p/w500/dZ57Jy8oohLNjXpk9CIQozpRFF9.jpg"
  },
  {
    "title": "MINECRAFT 麥塊電影",
    "releaseDate": "2025-03-31",
    "rank": 9,
    "totalSales": 461180,
    "posterUrl": "https://image.tmdb.org/t/p/w500/rONvP6UsL1jaZyjrIquumYTZKvB.jpg"
  },
  {
    "title": "直到黎明",
    "releaseDate": "2025-04-23",
    "rank": 10,
    "totalSales": 22013,
    "posterUrl": "https://image.tmdb.org/t/p/w500/kT6rj31OS5r0jLahUAxuDlApuY6.jpg"
  },
  {
    "title": "GIVEN被贈與的未來劇場版：去海邊",
    "releaseDate": null,
    "rank": 11,
    "totalSales": 54292,
    "posterUrl": null
  },
  {
    "title": "萬王之王",
    "releaseDate": "2025-04-07",
    "rank": 12,
    "totalSales": 47411,
    "posterUrl": "https://image.tmdb.org/t/p/w500/n66WEgkJGndAgaM6igMn43U6qHz.jpg"
  },
  {
    "title": "台灣超人",
    "releaseDate": "2024-12-06",
    "rank": 13,
    "totalSales": 96859,
    "posterUrl": "https://image.tmdb.org/t/p/w500/81EHAKhMbE2CQyW8EtEB0l7yjFr.jpg"
  },
  {
    "title": "沈睡的水下巨人",
    "releaseDate": "2025-04-25",
    "rank": 14,
    "totalSales": 7689,
    "posterUrl": "https://image.tmdb.org/t/p/w500/7DdvzQcKfGtd00tKsrmCB4ofemu.jpg"
  },
  {
    "title": "器子",
    "releaseDate": "2025-04-11",
    "rank": 15,
    "totalSales": 73956,
    "posterUrl": "https://image.tmdb.org/t/p/w500/1S1vakUhL2hDEDQVhL2kmZGKztJ.jpg"
  },
  {
    "title": "長安三萬里",
    "releaseDate": "2023-07-02",
    "rank": 16,
    "totalSales": 2139,
    "posterUrl": "https://image.tmdb.org/t/p/w500/7wxk8Ka5AGUIjCpEPg4vBOwSSul.jpg"
  },
  {
    "title": "秘密會議",
    "releaseDate": "2024-10-25",
    "rank": 17,
    "totalSales": 29885,
    "posterUrl": "https://image.tmdb.org/t/p/w500/1BWhKsbUTiBD0WQhrOfQlU6zrc5.jpg"
  },
  {
    "title": "劇場版「進擊的巨人」完結篇THE LAST ATTACK",
    "releaseDate": "2024-11-08",
    "rank": 18,
    "totalSales": 474113,
    "posterUrl": "https://image.tmdb.org/t/p/w500/kkbGiEFXaLFWKLuJzMMJ4oEjUXS.jpg"
  },
  {
    "title": "鬼房客",
    "releaseDate": "2024-05-16",
    "rank": 19,
    "totalSales": 5031,
    "posterUrl": "https://image.tmdb.org/t/p/w500/vyrK4aOD14ozbi56JiuLGPa7wmn.jpg"
  },
  {
    "title": "學姊是男孩劇場版：雨後天晴",
    "releaseDate": "2025-02-14",
    "rank": 20,
    "totalSales": 3659,
    "posterUrl": "https://image.tmdb.org/t/p/w500/qOCnr7MNK3jbWcLFusveOd2wsIe.jpg"
  },
  {
    "title": "跳進部落的孩子",
    "releaseDate": "2025-04-30",
    "rank": 21,
    "totalSales": 1573,
    "posterUrl": "https://image.tmdb.org/t/p/w500/nfpp4DyCwnN9ow9SXK9AjF3pqng.jpg"
  },
  {
    "title": "劇場版 世界計畫 崩壞的世界與無法歌唱的初音未來",
    "releaseDate": "2025-01-17",
    "rank": 22,
    "totalSales": 95516,
    "posterUrl": "https://image.tmdb.org/t/p/w500/vCIfP3PFQ6vx23U4ZCMMygrc1eB.jpg"
  },
  {
    "title": "看我今天怎麼說",
    "releaseDate": "2025-01-18",
    "rank": 23,
    "totalSales": 1544,
    "posterUrl": "https://image.tmdb.org/t/p/w500/rCStzXR7CYqCf0rqAuLkIxW9k75.jpg"
  },
  {
    "title": "青春末世物語",
    "releaseDate": "2024-10-04",
    "rank": 24,
    "totalSales": 16802,
    "posterUrl": "https://image.tmdb.org/t/p/w500/lIHRSdRuxKcSRDAuigveXKIlf98.jpg"
  },
  {
    "title": "小王子經典10週年 重返大銀幕（法）",
    "releaseDate": null,
    "rank": 25,
    "totalSales": 1532,
    "posterUrl": null
  },
  {
    "title": "復仇反擊戰",
    "releaseDate": "2025-04-09",
    "rank": 26,
    "totalSales": 53097,
    "posterUrl": "https://image.tmdb.org/t/p/w500/bgkVm20XVVLdRlwzaIfMSvXVApF.jpg"
  },
  {
    "title": "銀魂劇場版 2D 金魂篇",
    "releaseDate": null,
    "rank": 27,
    "totalSales": 6434,
    "posterUrl": null
  },
  {
    "title": "破·地獄",
    "releaseDate": "2024-11-09",
    "rank": 28,
    "totalSales": 83054,
    "posterUrl": "https://image.tmdb.org/t/p/w500/fA27nlZSOhCY8Zol2NHqaTdHo3w.jpg"
  },
  {
    "title": "喬王出任務",
    "releaseDate": "2025-04-02",
    "rank": 29,
    "totalSales": 4183,
    "posterUrl": "https://image.tmdb.org/t/p/w500/5mXPE4N99lpCBnvb4hDWjbB0wxJ.jpg"
  },
  {
    "title": "少年與狗",
    "releaseDate": "2025-03-20",
    "rank": 30,
    "totalSales": 2202,
    "posterUrl": "https://image.tmdb.org/t/p/w500/1XbrDPFfzwErQG21DgEjqgaQoi9.jpg"
  },
  {
    "title": "復活劫",
    "releaseDate": "2024-02-09",
    "rank": 31,
    "totalSales": 470,
    "posterUrl": "https://image.tmdb.org/t/p/w500/w0kvHuCoJs8oUhaLCnjfyPaugkX.jpg"
  },
  {
    "title": "燈塔水母的秘密",
    "releaseDate": "2025-03-28",
    "rank": 32,
    "totalSales": 4427,
    "posterUrl": "https://image.tmdb.org/t/p/w500/rJTMifPmfQZhlrZVBx2lToiBO5G.jpg"
  },
  {
    "title": "喵的奇幻漂流",
    "releaseDate": "2024-08-29",
    "rank": 33,
    "totalSales": 114037,
    "posterUrl": "https://image.tmdb.org/t/p/w500/tn89woD33WgLgT7ZMUr1r47hnql.jpg"
  },
  {
    "title": "白雪公主",
    "releaseDate": "2025-03-19",
    "rank": 34,
    "totalSales": 87307,
    "posterUrl": "https://image.tmdb.org/t/p/w500/wt1eqcRGcRRJhCoNY26I5f5Qlap.jpg"
  },
  {
    "title": "鑽石大劫案：極盜戰",
    "releaseDate": "2025-01-08",
    "rank": 35,
    "totalSales": 78514,
    "posterUrl": "https://image.tmdb.org/t/p/w500/6l5fR5alRSWcWtOTSvNo4G6zXy7.jpg"
  },
  {
    "title": "我在平行時空戀上妳",
    "releaseDate": null,
    "rank": 36,
    "totalSales": 16681,
    "posterUrl": null
  },
  {
    "title": "窒息倒數",
    "releaseDate": "2025-02-27",
    "rank": 37,
    "totalSales": 11398,
    "posterUrl": "https://image.tmdb.org/t/p/w500/3UkUzS10UTdl9rfT0hkxQ9qTTBP.jpg"
  },
  {
    "title": "重裝制裁",
    "releaseDate": "2025-03-26",
    "rank": 38,
    "totalSales": 160127,
    "posterUrl": "https://image.tmdb.org/t/p/w500/8Z9Yd8NCUGfeTZIpCLTkkNs6KE0.jpg"
  },
  {
    "title": "藍色太陽宮",
    "releaseDate": "2025-03-12",
    "rank": 39,
    "totalSales": 213,
    "posterUrl": "https://image.tmdb.org/t/p/w500/yR4T3KHbD4Y4HVm173HcbgHuna7.jpg"
  },
  {
    "title": "鬼迷藏",
    "releaseDate": "2024-04-05",
    "rank": 40,
    "totalSales": 8384,
    "posterUrl": "https://image.tmdb.org/t/p/w500/zJFilnOFNMZsYueSX4BzW3XXZXp.jpg"
  },
  {
    "title": "帶針的女孩",
    "releaseDate": "2024-09-06",
    "rank": 41,
    "totalSales": 1838,
    "posterUrl": "https://image.tmdb.org/t/p/w500/lSpGVC00eSWKrnAXUQqyQlcSDxC.jpg"
  },
  {
    "title": "哈爾濱",
    "releaseDate": "2024-12-24",
    "rank": 42,
    "totalSales": 44441,
    "posterUrl": "https://image.tmdb.org/t/p/w500/m1fbsYMGdEbUtfmbfJCksMcYYV.jpg"
  },
  {
    "title": "北極小迷狐:吉娜&尤克",
    "releaseDate": "2023-12-27",
    "rank": 43,
    "totalSales": 759,
    "posterUrl": "https://image.tmdb.org/t/p/w500/2RgTd54xEtKEf2zbxP2LFlmAVfa.jpg"
  },
  {
    "title": "天氣之子",
    "releaseDate": "2019-06-19",
    "rank": 44,
    "totalSales": 728967,
    "posterUrl": "https://image.tmdb.org/t/p/w500/4IKNr9R9HpaIUFVHivTDa3Vdplj.jpg"
  },
  {
    "title": "命中註定那頭鵝",
    "releaseDate": "2025-03-14",
    "rank": 45,
    "totalSales": 13477,
    "posterUrl": "https://image.tmdb.org/t/p/w500/br3AfKrOzZwpe121dcufxGAmfRR.jpg"
  },
  {
    "title": "老狐狸",
    "releaseDate": "2023-11-24",
    "rank": 46,
    "totalSales": 63723,
    "posterUrl": "https://image.tmdb.org/t/p/w500/gtcmhRXV8qkXW0XhTJ0CPyKi67t.jpg"
  },
  {
    "title": "我依然在此",
    "releaseDate": "2024-09-19",
    "rank": 47,
    "totalSales": 3894,
    "posterUrl": "https://image.tmdb.org/t/p/w500/rO3V8ANyrA5BSfkVPx2w72udsTD.jpg"
  },
  {
    "title": "傷痕-老兵的故事",
    "releaseDate": "2024-12-06",
    "rank": 48,
    "totalSales": 419,
    "posterUrl": "https://image.tmdb.org/t/p/w500/yHtLDMnBCZiQQSr2uIxgXdzK8q4.jpg"
  },
  {
    "title": "QUEER",
    "releaseDate": "2024-11-27",
    "rank": 49,
    "totalSales": 7488,
    "posterUrl": "https://image.tmdb.org/t/p/w500/hlpnTeeoPr1PzQIoDK9qQqsRa9B.jpg"
  },
  {
    "title": "海洋奇緣2",
    "releaseDate": "2024-11-21",
    "rank": 50,
    "totalSales": 465375,
    "posterUrl": "https://image.tmdb.org/t/p/w500/vyAk20KmD0GVp95ZcOgDkoXKq30.jpg"
  },
  {
    "title": "情書",
    "releaseDate": "2022-10-23",
    "rank": 51,
    "totalSales": 6604,
    "posterUrl": "https://image.tmdb.org/t/p/w500/3maCoQMBjYiuCwt18mzg9gCrUHd.jpg"
  },
  {
    "title": "深淵宇宙",
    "releaseDate": "2025-04-18",
    "rank": 52,
    "totalSales": 4462,
    "posterUrl": "https://image.tmdb.org/t/p/w500/aBwXFFVcVnd977DwdjY1gsPAo93.jpg"
  },
  {
    "title": "超人力霸王雅克 THE MOVIE 超次元大決戰！光與暗的雅克",
    "releaseDate": "2025-02-21",
    "rank": 53,
    "totalSales": 12715,
    "posterUrl": "https://image.tmdb.org/t/p/w500/tdU5hCURLcRy8JTYwLfti0mchYi.jpg"
  },
  {
    "title": "完美伴侶",
    "releaseDate": "2025-01-22",
    "rank": 54,
    "totalSales": 89281,
    "posterUrl": "https://image.tmdb.org/t/p/w500/gDr3gQme9seqs9inYpewleZXe3A.jpg"
  },
  {
    "title": "型男主廚三星夢：巴黎篇",
    "releaseDate": "2024-12-30",
    "rank": 55,
    "totalSales": 21637,
    "posterUrl": "https://image.tmdb.org/t/p/w500/7eNHCTDRWmectIHLYIt14kqQHbc.jpg"
  },
  {
    "title": "獅子王：木法沙",
    "releaseDate": "2024-12-18",
    "rank": 56,
    "totalSales": 312146,
    "posterUrl": "https://image.tmdb.org/t/p/w500/c2wpotRQdZeGoaoJQzr7MQpJBjE.jpg"
  },
  {
    "title": "粗獷派建築師",
    "releaseDate": "2024-12-20",
    "rank": 57,
    "totalSales": 24274,
    "posterUrl": "https://image.tmdb.org/t/p/w500/eWqcmFJMt3ib7AMOHl1PQQUjrVG.jpg"
  },
  {
    "title": "鬼才要回家",
    "releaseDate": "2025-02-21",
    "rank": 58,
    "totalSales": 15284,
    "posterUrl": "https://image.tmdb.org/t/p/w500/ddbDdGF2xFUgwXPb1zhCoGWuOdV.jpg"
  },
  {
    "title": "誤判",
    "releaseDate": "2024-12-08",
    "rank": 59,
    "totalSales": 109930,
    "posterUrl": "https://image.tmdb.org/t/p/w500/tnE3kZkpgsj095xfaqBlan4Vu3W.jpg"
  },
  {
    "title": "當我們懶在一起",
    "releaseDate": null,
    "rank": 60,
    "totalSales": 4385,
    "posterUrl": null
  },
  {
    "title": "夏之庭 4K數位修復版",
    "releaseDate": null,
    "rank": 61,
    "totalSales": 1842,
    "posterUrl": null
  },
  {
    "title": "犯罪直播",
    "releaseDate": "2025-02-07",
    "rank": 62,
    "totalSales": 1894,
    "posterUrl": "https://image.tmdb.org/t/p/w500/guXX0ZOGDBxcPffLXU7cmvjmqUB.jpg"
  },
  {
    "title": "飆風男孩",
    "releaseDate": "2024-08-01",
    "rank": 63,
    "totalSales": 178,
    "posterUrl": "https://image.tmdb.org/t/p/w500/ntCjDlhu81oZO5gSWWuav6QbQC2.jpg"
  },
  {
    "title": "封神第二部：戰火西岐",
    "releaseDate": "2025-01-29",
    "rank": 64,
    "totalSales": 66361,
    "posterUrl": "https://image.tmdb.org/t/p/w500/5bBgvH3hTxlANUsLP1ov0lEKmJp.jpg"
  },
  {
    "title": "2046 4K數位修復版",
    "releaseDate": null,
    "rank": 65,
    "totalSales": 6614,
    "posterUrl": null
  },
  {
    "title": "逆轉拍賣師",
    "releaseDate": null,
    "rank": 66,
    "totalSales": 1132,
    "posterUrl": null
  },
  {
    "title": "狂人法則",
    "releaseDate": "2024-10-09",
    "rank": 67,
    "totalSales": 12857,
    "posterUrl": "https://image.tmdb.org/t/p/w500/cp2x877pmWmPYMOJtkIam55BPr4.jpg"
  },
  {
    "title": "366日",
    "releaseDate": "2025-01-10",
    "rank": 68,
    "totalSales": 5146,
    "posterUrl": "https://image.tmdb.org/t/p/w500/jtYhFAyFy5PLaeMQIq544ymzmgO.jpg"
  },
  {
    "title": "客製化先生",
    "releaseDate": "2025-02-20",
    "rank": 69,
    "totalSales": 804,
    "posterUrl": "https://image.tmdb.org/t/p/w500/xqGBa7WAIi1EWqlFZeCn9joXi4W.jpg"
  },
  {
    "title": "叛逃公主歷險記",
    "releaseDate": "2024-10-25",
    "rank": 70,
    "totalSales": 3640,
    "posterUrl": "https://image.tmdb.org/t/p/w500/1uHey2Eo0HQDL6SBGfUJfP2XOGq.jpg"
  },
  {
    "title": "警上添花",
    "releaseDate": "2024-07-17",
    "rank": 71,
    "totalSales": 1245,
    "posterUrl": "https://image.tmdb.org/t/p/w500/oLt9JUtKZF7xTid1MNhdWK9RFLO.jpg"
  },
  {
    "title": "女警撞到夫",
    "releaseDate": "2024-02-23",
    "rank": 72,
    "totalSales": 241,
    "posterUrl": "https://image.tmdb.org/t/p/w500/5o8AN2T88AbVeQEgZay203m4HbQ.jpg"
  },
  {
    "title": "米奇17號",
    "releaseDate": "2025-02-28",
    "rank": 73,
    "totalSales": 194487,
    "posterUrl": "https://image.tmdb.org/t/p/w500/nxurv5ccvnqqz7WRTBMvV9ZARS0.jpg"
  },
  {
    "title": "贖夢",
    "releaseDate": "2025-03-27",
    "rank": 74,
    "totalSales": 3989,
    "posterUrl": "https://image.tmdb.org/t/p/w500/AtErBPZrXn7Hau8eotPQI9ArCNS.jpg"
  },
  {
    "title": "電影蠟筆小新：我們的恐龍日記",
    "releaseDate": null,
    "rank": 75,
    "totalSales": 280552,
    "posterUrl": null
  },
  {
    "title": "刺心切骨",
    "releaseDate": "2024-11-07",
    "rank": 76,
    "totalSales": 3029,
    "posterUrl": "https://image.tmdb.org/t/p/w500/ctMqFfhkCvYLFX0kHdazQo8Wojy.jpg"
  },
  {
    "title": "十字路口的豬",
    "releaseDate": "2024-10-25",
    "rank": 77,
    "totalSales": 2264,
    "posterUrl": "https://image.tmdb.org/t/p/w500/gY5QrFznHiGzDnLmUeaiT3SfLug.jpg"
  },
  {
    "title": "電影版孤獨的美食家",
    "releaseDate": "2025-01-10",
    "rank": 78,
    "totalSales": 27037,
    "posterUrl": "https://image.tmdb.org/t/p/w500/sW4JlzjMGbAogtFP4IzJvbhjhoI.jpg"
  },
  {
    "title": "風之谷",
    "releaseDate": "1984-03-11",
    "rank": 79,
    "totalSales": 159880,
    "posterUrl": "https://image.tmdb.org/t/p/w500/2qYsvbv87NjFtfpDPZdXlUDiKiG.jpg"
  },
  {
    "title": "12.12：首爾之春",
    "releaseDate": "2023-11-22",
    "rank": 80,
    "totalSales": 27119,
    "posterUrl": "https://image.tmdb.org/t/p/w500/yCSH3cim8Y1pAGBFsyfATTCf9Z9.jpg"
  },
  {
    "title": "刺客密令",
    "releaseDate": "2021-08-19",
    "rank": 81,
    "totalSales": 8353,
    "posterUrl": "https://image.tmdb.org/t/p/w500/trvRZ19px8zt58OOrqRwP2MXZ6z.jpg"
  },
  {
    "title": "衝出迷境",
    "releaseDate": "2019-11-15",
    "rank": 82,
    "totalSales": 2034,
    "posterUrl": "https://image.tmdb.org/t/p/w500/9JO7h9IjgUVllAGYsrOyNj3Tl9e.jpg"
  },
  {
    "title": "罪之聲",
    "releaseDate": "2020-10-30",
    "rank": 83,
    "totalSales": 1222,
    "posterUrl": "https://image.tmdb.org/t/p/w500/vqM2xg2ZgYaRcIc3xPWxWTIUSWL.jpg"
  },
  {
    "title": "鬼舞屍",
    "releaseDate": "2024-11-14",
    "rank": 84,
    "totalSales": 8694,
    "posterUrl": "https://image.tmdb.org/t/p/w500/1R0ZgDLFxFSSG9GFv02lCz4qycv.jpg"
  },
  {
    "title": "惡靈陷阱",
    "releaseDate": "2020-02-20",
    "rank": 85,
    "totalSales": 454,
    "posterUrl": "https://image.tmdb.org/t/p/w500/l5fJNBIUrd2kdnJZmWuJ1kX1YAO.jpg"
  }
]
